@article{Pgurps123hello,
	title={Care and feeding of maths professors.},
	author={P.,,Gurps},
	year={2008},
	organization={Cambridge Univ. Press,}
}

@article{Xburps123hello,
	title={Terrors and errors of project lab},
	author={X,Burps},
	journal={Journal of Wildlife and ConservaÂ­tion 21},
	year={(2008)},
	pages={112-134}
}
